<record><leader>00000cas a22000007a 4500</leader><controlfield tag="001">24833005</controlfield><controlfield tag="008">911121d191919uumouwr n       0    0eng d</controlfield><datafield ind1=" " ind2=" " tag="010"><subfield code="a">sn 91061165 </subfield></datafield><datafield ind1=" " ind2=" " tag="040"><subfield code="a">MQN</subfield><subfield code="b">eng</subfield><subfield code="c">MQN</subfield><subfield code="d">OCLCQ</subfield></datafield><datafield ind1=" " ind2=" " tag="042"><subfield code="a">msc</subfield></datafield><datafield ind1="0" ind2="0" tag="245"><subfield code="a">Worthington world.</subfield></datafield><datafield ind1=" " ind2=" " tag="260"><subfield code="a">Worthington, Mo. :</subfield><subfield code="b">Glen E. Kiser,</subfield><subfield code="c">1919-</subfield></datafield><datafield ind1=" " ind2=" " tag="300"><subfield code="a">v.</subfield></datafield><datafield ind1=" " ind2=" " tag="310"><subfield code="a">Weekly</subfield></datafield><datafield ind1="0" ind2=" " tag="362"><subfield code="a">Vol. 1, no. 1 (Aug. 7, 1919)-</subfield></datafield><datafield ind1=" " ind2=" " tag="752"><subfield code="a">United States</subfield><subfield code="b">Missouri</subfield><subfield code="c">Putnam</subfield><subfield code="d">Worthington.</subfield></datafield></record>